<collection xmlns="http://www.loc.gov/MARC21/slim">
<record>
  <leader>02416cim a2200373 a 4500</leader>
  <controlfield tag="001">13350291</controlfield>
  <controlfield tag="005">20031006092741.0</controlfield>
  <controlfield tag="007">st omndmbnnnue</controlfield>
  <controlfield tag="007">st omncmaunnne</controlfield>
  <controlfield tag="008">030924s1954    dcunnn         t    eng  </controlfield>
  <datafield tag="906" ind1=" " ind2=" ">
    <subfield code="a">7</subfield>
    <subfield code="b">ibc</subfield>
    <subfield code="c">origcop</subfield>
    <subfield code="d">2</subfield>
    <subfield code="e">ncip</subfield>
    <subfield code="f">20</subfield>
    <subfield code="g">y-soundrec</subfield>
  </datafield>
  <datafield tag="955" ind1=" " ind2=" ">
    <subfield code="a">qu45 2003-09-24; qu59 2003-10-06</subfield>
  </datafield>
  <datafield tag="010" ind1=" " ind2=" ">
    <subfield code="a">  2003647358</subfield>
  </datafield>
  <datafield tag="040" ind1=" " ind2=" ">
    <subfield code="a">DLC</subfield>
    <subfield code="c">DLC</subfield>
  </datafield>
  <datafield tag="050" ind1="0" ind2="0">
    <subfield code="a">RXC 6835 (broadcast master -- acetate -- not for playback)</subfield>
  </datafield>
  <datafield tag="050" ind1="0" ind2="0">
    <subfield code="a">LWO 8171 r24A3 (preservation master of 7-in. acetate)</subfield>
  </datafield>
  <datafield tag="050" ind1="0" ind2="0">
    <subfield code="a">RAA 27549 (original 10 in. acetate -- not for playback)</subfield>
  </datafield>
  <datafield tag="050" ind1="0" ind2="0">
    <subfield code="a">RWE 9469 (preservation master of 10-in. acetate)</subfield>
  </datafield>
  <datafield tag="245" ind1="0" ind2="0">
    <subfield code="a">Library of Congress intermission broadcasts.</subfield>
    <subfield code="n">1954-10-30,</subfield>
    <subfield code="n">no. 04,</subfield>
    <subfield code="p">Leaves of grass</subfield>
    <subfield code="h">[sound recording].</subfield>
  </datafield>
  <datafield tag="246" ind1="3" ind2="0">
    <subfield code="a">Leaves of grass</subfield>
  </datafield>
  <datafield tag="260" ind1=" " ind2=" ">
    <subfield code="c">1954.</subfield>
  </datafield>
  <datafield tag="300" ind1=" " ind2=" ">
    <subfield code="a">1 sound tape reel (13 min., 15 sec.) :</subfield>
    <subfield code="b">analog, 15 ips, 2 track, mono. ;</subfield>
    <subfield code="c">7 in.</subfield>
  </datafield>
  <datafield tag="518" ind1=" " ind2=" ">
    <subfield code="a">Recorded in the studios of the Library of Congress, Oct. 7, 1954, for later broadcast over radio station WGMS-FM during the intermission of the Oct. 30, 1954, Library of Congress Music Division concert.</subfield>
  </datafield>
  <datafield tag="500" ind1=" " ind2=" ">
    <subfield code="a">Originally recorded under LWO 2323 and renumbered in 2003.</subfield>
  </datafield>
  <datafield tag="520" ind1=" " ind2=" ">
    <subfield code="a">Librarian of Congress L. Quincy Mumford discusses Walt Whitman&apos;s Leaves of grass with Whitman scholar Harold W. Blodgett and Roy P. Basler, associate director of the Reference Dept. at the Library of Congress. They also talk about Whitman&apos;s life, American democracy, and Whitman&apos;s poetry in general.</subfield>
  </datafield>
  <datafield tag="533" ind1=" " ind2=" ">
    <subfield code="a">Preservation master of 7-in. broadcast master.</subfield>
    <subfield code="b">Washington, D.C. :</subfield>
    <subfield code="c">Library of Congress Magnetic Recording Laboratory,</subfield>
    <subfield code="d">1973.</subfield>
    <subfield code="e">On 1 sound tape reel : analog, 7 1/2 ips, 2 track, mono. ; 10 in.</subfield>
  </datafield>
  <datafield tag="533" ind1=" " ind2=" ">
    <subfield code="a">Original 10-in. acetate.</subfield>
    <subfield code="b">Washington, D.C. :</subfield>
    <subfield code="c">Library of Congress Magnetic Recording Laboratory,</subfield>
    <subfield code="d">1954.</subfield>
    <subfield code="e">1 sound tape reel : analog, 15 ips, 1 track, mono. ; 10 in.</subfield>
  </datafield>
  <datafield tag="533" ind1=" " ind2=" ">
    <subfield code="a">Preservation master of 10-in. acetate.</subfield>
    <subfield code="b">Washington, D.C. :</subfield>
    <subfield code="c">Library of Congress Magnetic Recording Laboratory,</subfield>
    <subfield code="d">1973.</subfield>
    <subfield code="e">1 sound tape reel : analog, 15 ips, 1 track, mono. ; 10 in.</subfield>
  </datafield>
  <datafield tag="600" ind1="1" ind2="0">
    <subfield code="a">Whitman, Walt,</subfield>
    <subfield code="d">1819-1892.</subfield>
    <subfield code="t">Leaves of grass.</subfield>
  </datafield>
  <datafield tag="655" ind1=" " ind2="7">
    <subfield code="a">Educational programs</subfield>
    <subfield code="v">Radio.</subfield>
    <subfield code="2">radfg</subfield>
  </datafield>
  <datafield tag="700" ind1="1" ind2=" ">
    <subfield code="a">Mumford, L. Quincy</subfield>
    <subfield code="q">(Lawrence Quincy),</subfield>
    <subfield code="d">1903-1982.</subfield>
    <subfield code="4">spk</subfield>
  </datafield>
  <datafield tag="700" ind1="1" ind2=" ">
    <subfield code="a">Basler, Roy Prentice,</subfield>
    <subfield code="d">1906-</subfield>
    <subfield code="4">spk</subfield>
  </datafield>
  <datafield tag="700" ind1="1" ind2=" ">
    <subfield code="a">Blodgett, Harold William,</subfield>
    <subfield code="d">1900-</subfield>
    <subfield code="4">spk</subfield>
  </datafield>
  <datafield tag="710" ind1="2" ind2=" ">
    <subfield code="a">Library of Congress.</subfield>
  </datafield>
</record>