
<record>
  <leader>01408cam a2200325 a 4500</leader>
  <controlfield tag="001">3109313</controlfield>
  <controlfield tag="005">20001122111439.0</controlfield>
  <controlfield tag="008">960808r18841882paucf         000 0 eng  </controlfield>
  <datafield tag="035" ind1=" " ind2=" ">
    <subfield code="9">(DLC)   43036896</subfield>
  </datafield>
  <datafield tag="906" ind1=" " ind2=" ">
    <subfield code="a">7</subfield>
    <subfield code="b">cbc</subfield>
    <subfield code="c">orignew</subfield>
    <subfield code="d">u</subfield>
    <subfield code="e">ocip</subfield>
    <subfield code="f">19</subfield>
    <subfield code="g">y-gencatlg</subfield>
  </datafield>
  <datafield tag="955" ind1=" " ind2=" ">
    <subfield code="a">NEW INPUT vj15 08-08-96; vj20 09-20-96</subfield>
  </datafield>
  <datafield tag="010" ind1=" " ind2=" ">
    <subfield code="a">   43036896 </subfield>
  </datafield>
  <datafield tag="040" ind1=" " ind2=" ">
    <subfield code="a">DLC</subfield>
    <subfield code="c">DLC</subfield>
  </datafield>
  <datafield tag="050" ind1="0" ind2="0">
    <subfield code="a">PS3201</subfield>
    <subfield code="b">1884b</subfield>
  </datafield>
  <datafield tag="051" ind1=" " ind2=" ">
    <subfield code="a">PS3201</subfield>
    <subfield code="b">1884b Copy 2</subfield>
    <subfield code="c">Copy 2. Rebound copy (quarter blue leather, cloth).</subfield>
  </datafield>
  <datafield tag="100" ind1="1" ind2=" ">
    <subfield code="a">Whitman, Walt,</subfield>
    <subfield code="d">1819-1892.</subfield>
  </datafield>
  <datafield tag="245" ind1="1" ind2="0">
    <subfield code="a">Leaves of grass.</subfield>
  </datafield>
  <datafield tag="260" ind1=" " ind2=" ">
    <subfield code="a">Philadelphia :</subfield>
    <subfield code="b">David McKay,</subfield>
    <subfield code="c">1884</subfield>
    <subfield code="e">(Philadelphia :</subfield>
    <subfield code="f">Sherman &amp; Co.)</subfield>
  </datafield>
  <datafield tag="300" ind1=" " ind2=" ">
    <subfield code="a">382 p., [1] leaf of plates :</subfield>
    <subfield code="b">1 port. ;</subfield>
    <subfield code="c">22 cm.</subfield>
  </datafield>
  <datafield tag="500" ind1=" " ind2=" ">
    <subfield code="a">Author&apos;s name, Walt Whitman, appears in copyright statement on t.p. verso.</subfield>
  </datafield>
  <datafield tag="500" ind1=" " ind2=" ">
    <subfield code="a">Reprint of Rees Welsh ed. of 1882. Cf. BAL.</subfield>
  </datafield>
  <datafield tag="500" ind1=" " ind2=" ">
    <subfield code="a">Also issued by Putnam (probably in England) with McKay imprint on t.p. (LC record 43-36837)</subfield>
  </datafield>
  <datafield tag="510" ind1="4" ind2=" ">
    <subfield code="a">BAL</subfield>
    <subfield code="c">21630</subfield>
  </datafield>
  <datafield tag="510" ind1="4" ind2=" ">
    <subfield code="a">Myerson, J.  Whitman,</subfield>
    <subfield code="c">p. 107-108</subfield>
  </datafield>
  <datafield tag="710" ind1="2" ind2=" ">
    <subfield code="a">Carolyn Wells Houghton Whitman Collection (Library of Congress)</subfield>
    <subfield code="5">DLC</subfield>
  </datafield>
  <datafield tag="710" ind1="2" ind2=" ">
    <subfield code="a">Charles E. Feinberg Collection of Walt Whitman (Library of Congress)</subfield>
    <subfield code="5">DLC</subfield>
  </datafield>
  <datafield tag="922" ind1=" " ind2=" ">
    <subfield code="a">ad</subfield>
  </datafield>
  <datafield tag="952" ind1=" " ind2=" ">
    <subfield code="a">Recat. to AACR2: vj15 08-08-96</subfield>
  </datafield>
  <datafield tag="991" ind1=" " ind2=" ">
    <subfield code="b">c-RareBook</subfield>
    <subfield code="h">PS3201</subfield>
    <subfield code="i">1884b</subfield>
    <subfield code="t">Copy 1</subfield>
    <subfield code="m">Houghton Whitman Coll</subfield>
    <subfield code="w">BOOKS</subfield>
  </datafield>
  <datafield tag="991" ind1=" " ind2=" ">
    <subfield code="b">c-RareBook</subfield>
    <subfield code="h">PS3201</subfield>
    <subfield code="i">1884b</subfield>
    <subfield code="t">Copy 2</subfield>
    <subfield code="m">Feinberg Whitman Coll</subfield>
    <subfield code="w">BOOKS</subfield>
  </datafield>
</record>