
<record>
  <leader>05145cam a2200817 a 4500</leader>
  <controlfield tag="001">4527061</controlfield>
  <controlfield tag="005">20000315133220.0</controlfield>
  <controlfield tag="008">960730s1876    njucf         000 0 eng  </controlfield>
  <datafield tag="035" ind1=" " ind2=" ">
    <subfield code="9">(DLC)   33028882</subfield>
  </datafield>
  <datafield tag="906" ind1=" " ind2=" ">
    <subfield code="a">7</subfield>
    <subfield code="b">cbc</subfield>
    <subfield code="c">orignew</subfield>
    <subfield code="d">u</subfield>
    <subfield code="e">ocip</subfield>
    <subfield code="f">19</subfield>
    <subfield code="g">y-gencatlg</subfield>
  </datafield>
  <datafield tag="955" ind1=" " ind2=" ">
    <subfield code="a">NEW INPUT vj15 07-30-96; vj20 10-01-96</subfield>
  </datafield>
  <datafield tag="010" ind1=" " ind2=" ">
    <subfield code="a">   33028882 </subfield>
  </datafield>
  <datafield tag="040" ind1=" " ind2=" ">
    <subfield code="a">DLC</subfield>
    <subfield code="c">DLC</subfield>
  </datafield>
  <datafield tag="050" ind1="0" ind2="0">
    <subfield code="a">PS3201</subfield>
    <subfield code="b">1876a</subfield>
  </datafield>
  <datafield tag="051" ind1=" " ind2=" ">
    <subfield code="a">PS3201</subfield>
    <subfield code="b">1876a Copy 2</subfield>
    <subfield code="c">Copy 2. Inscribed by the author to James Anderson Rose.</subfield>
  </datafield>
  <datafield tag="051" ind1=" " ind2=" ">
    <subfield code="a">PS3201</subfield>
    <subfield code="b">1876a Copy 3</subfield>
    <subfield code="c">Copy 3. Bookplate of Thomas B. Harned. Gift of Harned, Oct. 22, 1925.</subfield>
  </datafield>
  <datafield tag="051" ind1=" " ind2=" ">
    <subfield code="a">PS3201</subfield>
    <subfield code="b">1876a Copy 4</subfield>
    <subfield code="c">Copy 4. Inscribed by Horace Traubel to J. Wm. Lloyd.</subfield>
  </datafield>
  <datafield tag="051" ind1=" " ind2=" ">
    <subfield code="a">PS3201</subfield>
    <subfield code="b">1876a Copy 5</subfield>
    <subfield code="c">Copy 5. Additional author&apos;s signature tipped in. In green quarter morocco slipcase.</subfield>
  </datafield>
  <datafield tag="051" ind1=" " ind2=" ">
    <subfield code="a">PS3201</subfield>
    <subfield code="b">1876a Copy 6</subfield>
    <subfield code="c">Copy 6. Inscribed by the author to R.M. Bucke. In brown full morocco solander case.</subfield>
  </datafield>
  <datafield tag="051" ind1=" " ind2=" ">
    <subfield code="a">PS3201</subfield>
    <subfield code="b">1876a Copy 7</subfield>
    <subfield code="c">Copy 7. With mailing wrapper inscribed by the author. In blue quarter morocco solander case.</subfield>
  </datafield>
  <datafield tag="051" ind1=" " ind2=" ">
    <subfield code="a">PS3201</subfield>
    <subfield code="b">1876a Copy 8</subfield>
    <subfield code="c">Copy 8. Inscribed by the author to Mathilde Blind. In red quarter morocco slipcase.</subfield>
  </datafield>
  <datafield tag="051" ind1=" " ind2=" ">
    <subfield code="a">PS3201</subfield>
    <subfield code="b">1876a Copy 9</subfield>
    <subfield code="c">Copy 9. With mailing wrapper inscribed by the author. In blue quarter morocco solander case.</subfield>
  </datafield>
  <datafield tag="051" ind1=" " ind2=" ">
    <subfield code="a">PS3201</subfield>
    <subfield code="b">1876a Copy 10</subfield>
    <subfield code="c">Copy 10. Inscribed by the author to Edwin Stafford. In blue/white quarter morocco slipcase.</subfield>
  </datafield>
  <datafield tag="051" ind1=" " ind2=" ">
    <subfield code="a">PS3201</subfield>
    <subfield code="b">1876a Copy 11</subfield>
    <subfield code="c">Copy 11. Inscribed by the author to Felix Adler. In green quarter morocco slipcase.</subfield>
  </datafield>
  <datafield tag="051" ind1=" " ind2=" ">
    <subfield code="a">PS3201</subfield>
    <subfield code="b">1876a Copy 12</subfield>
    <subfield code="c">Copy 12. Inscribed by the author to L.F. de H. Noble. In green quarter morocco slipcase.</subfield>
  </datafield>
  <datafield tag="051" ind1=" " ind2=" ">
    <subfield code="a">PS3201</subfield>
    <subfield code="b">1876a Copy 13</subfield>
    <subfield code="c">Copy 13. Inscribed by the author to R.M. Bucke. In blue quarter morocco slipcase.</subfield>
  </datafield>
  <datafield tag="051" ind1=" " ind2=" ">
    <subfield code="a">PS3201</subfield>
    <subfield code="b">1876a Copy 14</subfield>
    <subfield code="c">Copy 14. Inscribed by the author to Henry Festing Jones. In double slipcase with Author&apos;s ed. of Two rivulets.</subfield>
  </datafield>
  <datafield tag="051" ind1=" " ind2=" ">
    <subfield code="a">PS3201</subfield>
    <subfield code="b">1876a Copy 15</subfield>
    <subfield code="c">Copy 15. Inscribed by the author to W. Curtis Taylor. In double slipcase with Author&apos;s ed. of Two rivulets.</subfield>
  </datafield>
  <datafield tag="051" ind1=" " ind2=" ">
    <subfield code="a">PS3201</subfield>
    <subfield code="b">1876a Copy 16</subfield>
    <subfield code="c">Copy 16. In double slipcase with Author&apos;s ed. of Two rivulets.</subfield>
  </datafield>
  <datafield tag="051" ind1=" " ind2=" ">
    <subfield code="a">PS3201</subfield>
    <subfield code="b">1876a Copy 17</subfield>
    <subfield code="c">Copy 17.</subfield>
  </datafield>
  <datafield tag="100" ind1="1" ind2=" ">
    <subfield code="a">Whitman, Walt,</subfield>
    <subfield code="d">1819-1892.</subfield>
  </datafield>
  <datafield tag="245" ind1="1" ind2="0">
    <subfield code="a">Leaves of grass.</subfield>
  </datafield>
  <datafield tag="250" ind1=" " ind2=" ">
    <subfield code="a">Author&apos;s ed., with portraits from life.</subfield>
  </datafield>
  <datafield tag="260" ind1=" " ind2=" ">
    <subfield code="a">Camden, N.J. :</subfield>
    <subfield code="b">[Walt Whitman?],</subfield>
    <subfield code="c">1876.</subfield>
  </datafield>
  <datafield tag="300" ind1=" " ind2=" ">
    <subfield code="a">384 p., [2] leaves of plates :</subfield>
    <subfield code="b">2 ports. ;</subfield>
    <subfield code="c">20 cm.</subfield>
  </datafield>
  <datafield tag="500" ind1=" " ind2=" ">
    <subfield code="a">Author&apos;s name, Walt Whitman, appears in copyright statement on t.p. verso; many copies signed in ms. on t.p.</subfield>
  </datafield>
  <datafield tag="500" ind1=" " ind2=" ">
    <subfield code="a">The 2nd impression of 1876 ed., with cancel t.p. and some revisions. For 1st impression see LC record 33-31321.</subfield>
  </datafield>
  <datafield tag="500" ind1=" " ind2=" ">
    <subfield code="a">600 copies printed.</subfield>
  </datafield>
  <datafield tag="500" ind1=" " ind2=" ">
    <subfield code="a">Issued separately and as part of 2-vol. set (with Two rivulets) uniformly bound.</subfield>
  </datafield>
  <datafield tag="510" ind1="4" ind2=" ">
    <subfield code="a">Myerson, J.  Whitman,</subfield>
    <subfield code="c">p. 60-68</subfield>
  </datafield>
  <datafield tag="510" ind1="4" ind2=" ">
    <subfield code="a">BAL</subfield>
    <subfield code="c">21412</subfield>
  </datafield>
  <datafield tag="541" ind1=" " ind2=" ">
    <subfield code="a">Transfer from D.C. Public Library, Feb. 23, 1933.</subfield>
  </datafield>
  <datafield tag="700" ind1="1" ind2=" ">
    <subfield code="a">Rose, James Anderson,</subfield>
    <subfield code="d">1819-1890,</subfield>
    <subfield code="e">former owner.</subfield>
    <subfield code="5">DLC</subfield>
  </datafield>
  <datafield tag="700" ind1="1" ind2=" ">
    <subfield code="a">Harned, Thomas Biggs,</subfield>
    <subfield code="d">b. 1851,</subfield>
    <subfield code="e">former owner.</subfield>
    <subfield code="5">DLC</subfield>
  </datafield>
  <datafield tag="700" ind1="1" ind2=" ">
    <subfield code="a">Lloyd, J. Wm.</subfield>
    <subfield code="q">(John William),</subfield>
    <subfield code="d">1857-1940,</subfield>
    <subfield code="e">former owner.</subfield>
    <subfield code="5">DLC</subfield>
  </datafield>
  <datafield tag="700" ind1="1" ind2=" ">
    <subfield code="a">Bucke, Richard Maurice,</subfield>
    <subfield code="d">1837-1902,</subfield>
    <subfield code="e">former owner.</subfield>
    <subfield code="5">DLC</subfield>
  </datafield>
  <datafield tag="700" ind1="1" ind2=" ">
    <subfield code="a">Blind, Mathilde,</subfield>
    <subfield code="d">1841-1896,</subfield>
    <subfield code="e">former owner.</subfield>
    <subfield code="5">DLC</subfield>
  </datafield>
  <datafield tag="700" ind1="1" ind2=" ">
    <subfield code="a">Adler, Felix,</subfield>
    <subfield code="d">1851-1933,</subfield>
    <subfield code="e">former owner.</subfield>
    <subfield code="5">DLC</subfield>
  </datafield>
  <datafield tag="700" ind1="1" ind2=" ">
    <subfield code="a">Jones, Henry Festing,</subfield>
    <subfield code="d">1851-1928,</subfield>
    <subfield code="e">former owner.</subfield>
    <subfield code="5">DLC</subfield>
  </datafield>
  <datafield tag="710" ind1="2" ind2=" ">
    <subfield code="a">Walt Whitman Collection (Library of Congress)</subfield>
    <subfield code="5">DLC</subfield>
  </datafield>
  <datafield tag="710" ind1="2" ind2=" ">
    <subfield code="a">Carolyn Wells Houghton Whitman Collection (Library of Congress)</subfield>
    <subfield code="5">DLC</subfield>
  </datafield>
  <datafield tag="710" ind1="2" ind2=" ">
    <subfield code="a">Charles E. Feinberg Collection of Walt Whitman (Library of Congress)</subfield>
    <subfield code="5">DLC</subfield>
  </datafield>
  <datafield tag="922" ind1=" " ind2=" ">
    <subfield code="a">gs</subfield>
  </datafield>
  <datafield tag="952" ind1=" " ind2=" ">
    <subfield code="a">Recat. to AACR2: vj15 07-30-96</subfield>
  </datafield>
  <datafield tag="991" ind1=" " ind2=" ">
    <subfield code="b">c-RareBook</subfield>
    <subfield code="h">PS3201</subfield>
    <subfield code="i">1876a</subfield>
    <subfield code="t">Copy 1</subfield>
    <subfield code="m">Whitman Coll</subfield>
    <subfield code="w">BOOKS</subfield>
  </datafield>
  <datafield tag="991" ind1=" " ind2=" ">
    <subfield code="b">c-RareBook</subfield>
    <subfield code="h">PS3201</subfield>
    <subfield code="i">1876a</subfield>
    <subfield code="t">Copy 2</subfield>
    <subfield code="m">Houghton Whitman Coll</subfield>
    <subfield code="w">BOOKS</subfield>
  </datafield>
  <datafield tag="991" ind1=" " ind2=" ">
    <subfield code="b">c-RareBook</subfield>
    <subfield code="h">PS3201</subfield>
    <subfield code="i">1876a</subfield>
    <subfield code="t">Copy 3</subfield>
    <subfield code="m">Whitman Coll</subfield>
    <subfield code="w">BOOKS</subfield>
  </datafield>
  <datafield tag="991" ind1=" " ind2=" ">
    <subfield code="b">c-RareBook</subfield>
    <subfield code="h">PS3201</subfield>
    <subfield code="i">1876a</subfield>
    <subfield code="t">Copy 4</subfield>
    <subfield code="m">Whitman Coll</subfield>
    <subfield code="w">BOOKS</subfield>
  </datafield>
  <datafield tag="991" ind1=" " ind2=" ">
    <subfield code="b">c-RareBook</subfield>
    <subfield code="h">PS3201</subfield>
    <subfield code="i">1876a</subfield>
    <subfield code="t">Copy 5</subfield>
    <subfield code="m">Feinberg Whitman Coll</subfield>
    <subfield code="w">BOOKS</subfield>
  </datafield>
  <datafield tag="991" ind1=" " ind2=" ">
    <subfield code="b">c-RareBook</subfield>
    <subfield code="h">PS3201</subfield>
    <subfield code="i">1876a</subfield>
    <subfield code="t">Copy 6</subfield>
    <subfield code="m">Feinberg Whitman Coll</subfield>
    <subfield code="w">BOOKS</subfield>
  </datafield>
  <datafield tag="991" ind1=" " ind2=" ">
    <subfield code="b">c-RareBook</subfield>
    <subfield code="h">PS3201</subfield>
    <subfield code="i">1876a</subfield>
    <subfield code="t">Copy 7</subfield>
    <subfield code="m">Feinberg Whitman Coll</subfield>
    <subfield code="w">BOOKS</subfield>
  </datafield>
  <datafield tag="991" ind1=" " ind2=" ">
    <subfield code="b">c-RareBook</subfield>
    <subfield code="h">PS3201</subfield>
    <subfield code="i">1876a</subfield>
    <subfield code="t">Copy 8</subfield>
    <subfield code="m">Feinberg Whitman Coll</subfield>
    <subfield code="w">BOOKS</subfield>
  </datafield>
  <datafield tag="991" ind1=" " ind2=" ">
    <subfield code="b">c-RareBook</subfield>
    <subfield code="h">PS3201</subfield>
    <subfield code="i">1876a</subfield>
    <subfield code="t">Copy 9</subfield>
    <subfield code="m">Feinberg Whitman Coll</subfield>
    <subfield code="w">BOOKS</subfield>
  </datafield>
  <datafield tag="991" ind1=" " ind2=" ">
    <subfield code="b">c-RareBook</subfield>
    <subfield code="h">PS3201</subfield>
    <subfield code="i">1876a0</subfield>
    <subfield code="t">Copy 1</subfield>
    <subfield code="m">Feinberg Whitman Coll</subfield>
    <subfield code="w">BOOKS</subfield>
  </datafield>
  <datafield tag="991" ind1=" " ind2=" ">
    <subfield code="b">c-RareBook</subfield>
    <subfield code="h">PS3201</subfield>
    <subfield code="i">1876a1</subfield>
    <subfield code="t">Copy 1</subfield>
    <subfield code="m">Feinberg Whitman Coll</subfield>
    <subfield code="w">BOOKS</subfield>
  </datafield>
  <datafield tag="991" ind1=" " ind2=" ">
    <subfield code="b">c-RareBook</subfield>
    <subfield code="h">PS3201</subfield>
    <subfield code="i">1876a2</subfield>
    <subfield code="t">Copy 1</subfield>
    <subfield code="m">Feinberg Whitman Coll</subfield>
    <subfield code="w">BOOKS</subfield>
  </datafield>
  <datafield tag="991" ind1=" " ind2=" ">
    <subfield code="b">c-RareBook</subfield>
    <subfield code="h">PS3201</subfield>
    <subfield code="i">1876a3</subfield>
    <subfield code="t">Copy 1</subfield>
    <subfield code="m">Feinberg Whitman Coll</subfield>
    <subfield code="w">BOOKS</subfield>
  </datafield>
  <datafield tag="991" ind1=" " ind2=" ">
    <subfield code="b">c-RareBook</subfield>
    <subfield code="h">PS3201</subfield>
    <subfield code="i">1876a4</subfield>
    <subfield code="t">Copy 1</subfield>
    <subfield code="m">Feinberg Whitman Coll</subfield>
    <subfield code="w">BOOKS</subfield>
  </datafield>
  <datafield tag="991" ind1=" " ind2=" ">
    <subfield code="b">c-RareBook</subfield>
    <subfield code="h">PS3201</subfield>
    <subfield code="i">1876a5</subfield>
    <subfield code="t">Copy 1</subfield>
    <subfield code="m">Feinberg Whitman Coll</subfield>
    <subfield code="w">BOOKS</subfield>
  </datafield>
  <datafield tag="991" ind1=" " ind2=" ">
    <subfield code="b">c-RareBook</subfield>
    <subfield code="h">PS3201</subfield>
    <subfield code="i">1876a6</subfield>
    <subfield code="t">Copy 1</subfield>
    <subfield code="m">Feinberg Whitman Coll</subfield>
    <subfield code="w">BOOKS</subfield>
  </datafield>
  <datafield tag="991" ind1=" " ind2=" ">
    <subfield code="b">c-RareBook</subfield>
    <subfield code="h">PS3201</subfield>
    <subfield code="i">1876a7</subfield>
    <subfield code="t">Copy 1</subfield>
    <subfield code="m">Feinberg Whitman Coll</subfield>
    <subfield code="w">BOOKS</subfield>
  </datafield>
</record>