
<record>
  <leader>00794cam a2200241 a 4500</leader>
  <controlfield tag="001">1410007</controlfield>
  <controlfield tag="005">19840705000000.0</controlfield>
  <controlfield tag="008">830809s1981    paua          000 0 eng  </controlfield>
  <datafield tag="035" ind1=" " ind2=" ">
    <subfield code="9">(DLC)   83115214</subfield>
  </datafield>
  <datafield tag="906" ind1=" " ind2=" ">
    <subfield code="a">7</subfield>
    <subfield code="b">cbc</subfield>
    <subfield code="c">orignew</subfield>
    <subfield code="d">3</subfield>
    <subfield code="e">ncip</subfield>
    <subfield code="f">19</subfield>
    <subfield code="g">y-gencatlg</subfield>
  </datafield>
  <datafield tag="010" ind1=" " ind2=" ">
    <subfield code="a">   83115214 </subfield>
  </datafield>
  <datafield tag="040" ind1=" " ind2=" ">
    <subfield code="a">DLC</subfield>
    <subfield code="c">DLC</subfield>
    <subfield code="d">DLC</subfield>
  </datafield>
  <datafield tag="050" ind1="0" ind2="0">
    <subfield code="a">PS3201</subfield>
    <subfield code="b"> 1981</subfield>
  </datafield>
  <datafield tag="082" ind1="0" ind2="0">
    <subfield code="a">811/.3</subfield>
    <subfield code="2">19</subfield>
  </datafield>
  <datafield tag="100" ind1="1" ind2=" ">
    <subfield code="a">Whitman, Walt,</subfield>
    <subfield code="d">1819-1892.</subfield>
  </datafield>
  <datafield tag="245" ind1="1" ind2="0">
    <subfield code="a">Leaves of grass /</subfield>
    <subfield code="c">Walt Whitman ; with woodcuts by Antonio Frasconi.</subfield>
  </datafield>
  <datafield tag="250" ind1=" " ind2=" ">
    <subfield code="a">A Limited ed.</subfield>
  </datafield>
  <datafield tag="260" ind1=" " ind2=" ">
    <subfield code="a">Franklin Center, Pa. :</subfield>
    <subfield code="b">Franklin Library,</subfield>
    <subfield code="c">1981.</subfield>
  </datafield>
  <datafield tag="300" ind1=" " ind2=" ">
    <subfield code="a">513 p. :</subfield>
    <subfield code="b">ill. ;</subfield>
    <subfield code="c">24 cm.</subfield>
  </datafield>
  <datafield tag="440" ind1=" " ind2="4">
    <subfield code="a">The 100 greatest books of all time</subfield>
  </datafield>
  <datafield tag="500" ind1=" " ind2=" ">
    <subfield code="a">&quot;Limited edition.&quot;--T.P.</subfield>
  </datafield>
  <datafield tag="700" ind1="1" ind2=" ">
    <subfield code="a">Frasconi, Antonio.</subfield>
  </datafield>
  <datafield tag="991" ind1=" " ind2=" ">
    <subfield code="b">c-GenColl</subfield>
    <subfield code="h">PS3201</subfield>
    <subfield code="i"> 1981</subfield>
    <subfield code="p">00012189047</subfield>
    <subfield code="t">Copy 1</subfield>
    <subfield code="w">BOOKS</subfield>
  </datafield>
</record>