
<record>
  <leader>01621nim a2200337 a 4500</leader>
  <controlfield tag="001">5719196</controlfield>
  <controlfield tag="005">19941004075704.2</controlfield>
  <controlfield tag="007">sdubumennmpluu</controlfield>
  <controlfield tag="008">870414s1969    xx nnn         p    eng d</controlfield>
  <datafield tag="035" ind1=" " ind2=" ">
    <subfield code="9">(DLC)   94760515</subfield>
  </datafield>
  <datafield tag="906" ind1=" " ind2=" ">
    <subfield code="a">7</subfield>
    <subfield code="b">cbc</subfield>
    <subfield code="c">copycat</subfield>
    <subfield code="d">3</subfield>
    <subfield code="e">ncip</subfield>
    <subfield code="f">19</subfield>
    <subfield code="g">y-genmusic</subfield>
  </datafield>
  <datafield tag="955" ind1=" " ind2=" ">
    <subfield code="a">vn22</subfield>
  </datafield>
  <datafield tag="010" ind1=" " ind2=" ">
    <subfield code="a">   94760515 </subfield>
  </datafield>
  <datafield tag="028" ind1="0" ind2="2">
    <subfield code="a">LR 6009</subfield>
    <subfield code="b">Literary Records</subfield>
  </datafield>
  <datafield tag="035" ind1=" " ind2=" ">
    <subfield code="a">(OCoLC)15527079 </subfield>
  </datafield>
  <datafield tag="040" ind1=" " ind2=" ">
    <subfield code="a">InPorS</subfield>
    <subfield code="c">InPorS</subfield>
    <subfield code="d">OCoLC</subfield>
    <subfield code="d">DLC</subfield>
  </datafield>
  <datafield tag="042" ind1=" " ind2=" ">
    <subfield code="a">lccopycat</subfield>
  </datafield>
  <datafield tag="050" ind1="0" ind2="0">
    <subfield code="a">Literary Records LR 6009</subfield>
  </datafield>
  <datafield tag="100" ind1="1" ind2=" ">
    <subfield code="a">Whitman, Walt,</subfield>
    <subfield code="d">1819-1892.</subfield>
  </datafield>
  <datafield tag="245" ind1="1" ind2="0">
    <subfield code="a">Poems of land and sea and war</subfield>
    <subfield code="h">[sound recording] /</subfield>
    <subfield code="c">by Walt Whitman.</subfield>
  </datafield>
  <datafield tag="260" ind1=" " ind2=" ">
    <subfield code="a">[S.l.] :</subfield>
    <subfield code="b">Literary Records ;</subfield>
    <subfield code="a">St. Joseph, Mich. :</subfield>
    <subfield code="b">Audio Book Company (distributor),</subfield>
    <subfield code="c">[1969?]</subfield>
  </datafield>
  <datafield tag="300" ind1=" " ind2=" ">
    <subfield code="a">1 sound disc :</subfield>
    <subfield code="b">analog, 33 1/3 rpm ;</subfield>
    <subfield code="c">12 in.</subfield>
  </datafield>
  <datafield tag="511" ind1="0" ind2=" ">
    <subfield code="a">Read by Dan O&apos;Herlihy.</subfield>
  </datafield>
  <datafield tag="520" ind1=" " ind2=" ">
    <subfield code="a">These poems are from Leaves of Grass by Walt Whitman.</subfield>
  </datafield>
  <datafield tag="505" ind1="0" ind2=" ">
    <subfield code="a">I hear America singing -- Pioneers! O pioneers -- Song of the open road -- O captain! My captain -- In cabin&apos;d ships at sea -- Aboard at a ship&apos;s helm -- On the beach at night -- The World below the brine -- After the sea-ship -- Beat! Beat! Drums! -- Cavalry crossing a ford -- An army corps on the march -- By the bivouac&apos;s fitful flame -- Vigil strange I kept on the field one night -- A march in the ranks hard-prest, and the road unknown -- A sight in camp in the daybreak gray and dim -- Old war dreams.</subfield>
  </datafield>
  <datafield tag="650" ind1=" " ind2="0">
    <subfield code="a">American poetry.</subfield>
  </datafield>
  <datafield tag="700" ind1="1" ind2=" ">
    <subfield code="a">O&apos;Herlihy, Dan,</subfield>
    <subfield code="d">1919-</subfield>
  </datafield>
  <datafield tag="740" ind1="0" ind2=" ">
    <subfield code="a">Leaves of grass.</subfield>
  </datafield>
  <datafield tag="953" ind1=" " ind2=" ">
    <subfield code="a">TA28</subfield>
  </datafield>
  <datafield tag="985" ind1=" " ind2=" ">
    <subfield code="a">9410</subfield>
  </datafield>
  <datafield tag="991" ind1=" " ind2=" ">
    <subfield code="b">c-RecSound</subfield>
    <subfield code="h">Literary Records LR 6009</subfield>
    <subfield code="w">MUSIC</subfield>
  </datafield>
</record>