
<record>
  <leader>01132nam a2200277 a 4500</leader>
  <controlfield tag="001">4530155</controlfield>
  <controlfield tag="005">19970513160106.8</controlfield>
  <controlfield tag="008">961223s1959    nyuch         000 0 eng  </controlfield>
  <datafield tag="035" ind1=" " ind2=" ">
    <subfield code="9">(DLC)   59013502</subfield>
  </datafield>
  <datafield tag="906" ind1=" " ind2=" ">
    <subfield code="a">7</subfield>
    <subfield code="b">cbc</subfield>
    <subfield code="c">orignew</subfield>
    <subfield code="d">2</subfield>
    <subfield code="e">ocip</subfield>
    <subfield code="f">19</subfield>
    <subfield code="g">y-gencatlg</subfield>
  </datafield>
  <datafield tag="955" ind1=" " ind2=" ">
    <subfield code="a">NEW INPUT vj15 12-23-96; vj20 05-13-97</subfield>
  </datafield>
  <datafield tag="010" ind1=" " ind2=" ">
    <subfield code="a">   59013502 </subfield>
  </datafield>
  <datafield tag="040" ind1=" " ind2=" ">
    <subfield code="a">DLC</subfield>
    <subfield code="c">DLC</subfield>
  </datafield>
  <datafield tag="050" ind1="0" ind2="0">
    <subfield code="a">PS3201</subfield>
    <subfield code="b"> 1959</subfield>
  </datafield>
  <datafield tag="051" ind1=" " ind2=" ">
    <subfield code="a">PS3201</subfield>
    <subfield code="b"> 1959 Copy 3</subfield>
    <subfield code="c">Copy 3. In dust jacket. Inscribed by the editor to Charles Feinberg.</subfield>
  </datafield>
  <datafield tag="100" ind1="1" ind2=" ">
    <subfield code="a">Whitman, Walt,</subfield>
    <subfield code="d">1819-1892.</subfield>
  </datafield>
  <datafield tag="240" ind1="1" ind2="0">
    <subfield code="a">Leaves of grass</subfield>
  </datafield>
  <datafield tag="245" ind1="1" ind2="0">
    <subfield code="a">Walt Whitman&apos;s Leaves of grass :</subfield>
    <subfield code="b">the first (1855) edition /</subfield>
    <subfield code="c">edited, with an introduction, by Malcolm Cowley.</subfield>
  </datafield>
  <datafield tag="246" ind1="3" ind2="0">
    <subfield code="a">Leaves of grass</subfield>
  </datafield>
  <datafield tag="260" ind1=" " ind2=" ">
    <subfield code="a">New York :</subfield>
    <subfield code="b">Viking Press,</subfield>
    <subfield code="c">1959.</subfield>
  </datafield>
  <datafield tag="300" ind1=" " ind2=" ">
    <subfield code="a">xxxvii, 145 p. :</subfield>
    <subfield code="b">facsim., port. ;</subfield>
    <subfield code="c">25 cm.</subfield>
  </datafield>
  <datafield tag="700" ind1="1" ind2=" ">
    <subfield code="a">Cowley, Malcolm,</subfield>
    <subfield code="d">1898-</subfield>
  </datafield>
  <datafield tag="710" ind1="2" ind2=" ">
    <subfield code="a">Charles E. Feinberg Collection of Walt Whitman (Library of Congress)</subfield>
    <subfield code="5">DLC</subfield>
  </datafield>
  <datafield tag="952" ind1=" " ind2=" ">
    <subfield code="a">Recat. to AACR2: vj15 12-23-96</subfield>
  </datafield>
  <datafield tag="991" ind1=" " ind2=" ">
    <subfield code="b">c-GenColl</subfield>
    <subfield code="h">PS3201</subfield>
    <subfield code="i"> 1959</subfield>
    <subfield code="p">00009003319</subfield>
    <subfield code="t">Copy 1</subfield>
    <subfield code="w">BOOKS</subfield>
  </datafield>
  <datafield tag="991" ind1=" " ind2=" ">
    <subfield code="b">c-RareBook</subfield>
    <subfield code="h">PS3201</subfield>
    <subfield code="i"> 1959</subfield>
    <subfield code="t">Copy 3</subfield>
    <subfield code="m">Feinberg Whitman Coll</subfield>
    <subfield code="w">BOOKS</subfield>
  </datafield>
</record>